@String(PAMI = {IEEE Trans. Pattern Anal. Mach. Intell.})
@String(IJCV = {Int. J. Comput. Vis.})
@String(CVPR= {IEEE Conf. Comput. Vis. Pattern Recog.})
@String(ICCV= {Int. Conf. Comput. Vis.})
@String(ECCV= {Eur. Conf. Comput. Vis.})
@String(NIPS= {Adv. Neural Inform. Process. Syst.})
@String(ICPR = {Int. Conf. Pattern Recog.})
@String(BMVC= {Brit. Mach. Vis. Conf.})
@String(TOG= {ACM Trans. Graph.})
@String(TIP  = {IEEE Trans. Image Process.})
@String(TVCG  = {IEEE Trans. Vis. Comput. Graph.})
@String(TMM  = {IEEE Trans. Multimedia})
@String(ACMMM= {ACM Int. Conf. Multimedia})
@String(ICME = {Int. Conf. Multimedia and Expo})
@String(ICASSP=	{ICASSP})
@String(ICIP = {IEEE Int. Conf. Image Process.})
@String(ACCV  = {ACCV})
@String(ICLR = {Int. Conf. Learn. Represent.})
@String(IJCAI = {IJCAI})
@String(PR   = {Pattern Recognition})
@String(AAAI = {AAAI})
@String(CVPRW= {IEEE Conf. Comput. Vis. Pattern Recog. Worksh.})
@String(CSVT = {IEEE Trans. Circuit Syst. Video Technol.})

@String(SPL	= {IEEE Sign. Process. Letters})
@String(VR   = {Vis. Res.})
@String(JOV	 = {J. Vis.})
@String(TVC  = {The Vis. Comput.})
@String(JCST  = {J. Comput. Sci. Tech.})
@String(CGF  = {Comput. Graph. Forum})
@String(CVM = {Computational Visual Media})


@String(PAMI  = {IEEE TPAMI})
@String(IJCV  = {IJCV})
@String(CVPR  = {CVPR})
@String(ICCV  = {ICCV})
@String(ECCV  = {ECCV})
@String(NIPS  = {NeurIPS})
@String(ICPR  = {ICPR})
@String(BMVC  =	{BMVC})
@String(TOG   = {ACM TOG})
@String(TIP   = {IEEE TIP})
@String(TVCG  = {IEEE TVCG})
@String(TCSVT = {IEEE TCSVT})
@String(TMM   =	{IEEE TMM})
@String(ACMMM = {ACM MM})
@String(ICME  =	{ICME})
@String(ICASSP=	{ICASSP})
@String(ICIP  = {ICIP})
@String(ACCV  = {ACCV})
@String(ICLR  = {ICLR})
@String(IJCAI = {IJCAI})
@String(PR = {PR})
@String(AAAI = {AAAI})
@String(CVPRW= {CVPRW})
@String(CSVT = {IEEE TCSVT})


@book{em:86,
  editor  = "Engelmore, Robert and Morgan, Anthony",
  title   = "Blackboard Systems",
  year    = 1986,
  address = "Reading, Mass.",
  publisher = "Addison-Wesley",
}

@inproceedings{c:83,
  author  = "Clancey, William J.",
  year    = 1983,
  title   = "{Communication, Simulation, and Intelligent
Agents: Implications of Personal Intelligent Machines
for Medical Education}",
  booktitle="Proceedings of the Eighth International Joint Conference on Artificial Intelligence {(IJCAI-83)}", 
  pages   = "556-560",
  address = "Menlo Park, Calif",
  publisher = "{IJCAI Organization}",
}
@inproceedings{c:84,
  author  = "Clancey, William J.",
  year    = 1984,
  title   = "{Classification Problem Solving}",
  booktitle = "Proceedings of the Fourth National 
              Conference on Artificial Intelligence",
  pages   = "45-54",
  address = "Menlo Park, Calif.",
  publisher="AAAI Press",
}
@article{r:80,
  author = {Robinson, Arthur L.},
  title = {New Ways to Make Microcircuits Smaller},
  volume = {208},
  number = {4447},
  pages = {1019--1022},
  year = {1980},
  doi = {10.1126/science.208.4447.1019},
  publisher = {American Association for the Advancement of Science},
  issn = {0036-8075},
  URL = {https://science.sciencemag.org/content/208/4447/1019},
  eprint = {https://science.sciencemag.org/content/208/4447/1019.full.pdf},
  journal = {Science},
}
@article{r:80x,
  author  = "Robinson, Arthur L.",
  year    = 1980,
  title   = "{New Ways to Make Microcircuits Smaller---Duplicate Entry}",
  journal = "Science",
  volume  =  208,
  pages   = "1019-1026",
}
@article{hcr:83,
title = {Strategic explanations for a diagnostic consultation system},
journal = {International Journal of Man-Machine Studies},
volume = {20},
number = {1},
pages = {3-19},
year = {1984},
issn = {0020-7373},
doi = {https://doi.org/10.1016/S0020-7373(84)80003-6},
url = {https://www.sciencedirect.com/science/article/pii/S0020737384800036},
author = {Diane Warner Hasling and William J. Clancey and Glenn Rennels},
abstract = {This article examines the problem of automatte explanation of reasoning, especially as it relates to expert systems. By explanation we mean the ability of a program to discuss what it is doing in some understandable way. We first present a general framework in which to view explanation and review some of the research done in this area. We then focus on the explanation system for NEOMYCIN, a medical consultation program. A consultation program interactively helps a user to solve a problem. Our goal is to have NEOMYCIN explain its problem-solving strategies. An explanation of strategy describes the plan the program is using to reach a solution. Such an explanation is usually concrete, referring to aspects of the current problem situation. Abstract explanations articulate a general principle, which can be applied in different situations; such explanations are useful in teaching and in explaining by analogy. We describe the aspects of NEOMYCIN that make abstract strategic explanations possible—the representation of strategic knowledge explicitly and separately from domain knowledge— and demonstrate how this representation can be used to generate explanations.}
}
@article{hcrt:83,
  author  = "Hasling, Diane Warner and Clancey, William J. and Rennels, Glenn R. and Test, Thomas",
  year    = 1983,
  title   = "{Strategic Explanations in Consultation---Duplicate}",
  journal = "The International Journal of Man-Machine Studies",
  volume  = 20,
  number  = 1,
  pages   = "3-19",
}
@techreport{r:86,
  author  = "Rice, James",
  year    = 1986,
  title   = "{Poligon: A System for Parallel Problem Solving}",
  type    = "Technical Report", 
  number  = "KSL-86-19", 
  institution = "Dept.\ of Computer Science, Stanford Univ.",
}
@phdthesis{c:79,
  author  = "Clancey, William J.",
  year    = 1979,
  title   = "{Transfer of Rule-Based Expertise
through a Tutorial Dialogue}",
  type    = "{Ph.D.} diss.",
  school  = "Dept.\ of Computer Science, Stanford Univ.",
  address = "Stanford, Calif.",
}
@unpublished{c:21,
  author  = "Clancey, William J.",
  title   = "{The Engineering of Qualitative Models}",
  year    = 2021,
  note    = "Forthcoming",
}
@misc{c:22,
      title={Attention Is All You Need}, 
      author={Ashish Vaswani and Noam Shazeer and Niki Parmar and Jakob Uszkoreit and Llion Jones and Aidan N. Gomez and Lukasz Kaiser and Illia Polosukhin},
      year={2017},
      eprint={1706.03762},
      archivePrefix={arXiv},
      primaryClass={cs.CL}
}
@misc{c:23,
  title        = "Pluto: The 'Other' Red Planet",
  author       = "{NASA}",
  howpublished = "\url{https://www.nasa.gov/nh/pluto-the-other-red-planet}",
  year         = 2015,
  note         = "Accessed: 2018-12-06"
}


@article{fang2023spikingjelly,
  title={SpikingJelly: An open-source machine learning infrastructure platform for spike-based intelligence},
  author={Fang, Wei and Chen, Yanqi and Ding, Jianhao and Yu, Zhaofei and Masquelier, Timoth{\'e}e and Chen, Ding and Huang, Liwei and Zhou, Huihui and Li, Guoqi and Tian, Yonghong},
  journal={Science Advances},
  volume={9},
  number={40},
  pages={eadi1480},
  year={2023},
  publisher={American Association for the Advancement of Science}
}

@article{liao2023spiking,
  title={Spiking NeRF: Representing the Real-World Geometry by a Discontinuous Representation},
  author={Liao, Zhanfeng and Zheng, Qian and Liu, Yan and Pan, Gang},
  journal={arXiv preprint arXiv:2311.09077},
  year={2023}
}

@book{ECCV2022,
    editor = {Shai Avidan and Gabriel Brostow and Moustapha Cissé and Giovanni Maria Farinella and Tal Hassner},
    title = {Computer Vision -- ECCV 2022},
    year = {2022},
    publisher = {Springer},
    doi = {10.1007/978-3-031-19769-7}
}


@inproceedings{sun2022direct,
  title={Direct voxel grid optimization: Super-fast convergence for radiance fields reconstruction},
  author={Sun, Cheng and Sun, Min and Chen, Hwann-Tzong},
  booktitle={Proceedings of the IEEE/CVF Conference on Computer Vision and Pattern Recognition},
  pages={5459--5469},
  year={2022}
}

@inproceedings{zhu2022event,
  title={Event-based video reconstruction via potential-assisted spiking neural network},
  author={Zhu, Lin and Wang, Xiao and Chang, Yi and Li, Jianing and Huang, Tiejun and Tian, Yonghong},
  booktitle={Proceedings of the IEEE/CVF Conference on Computer Vision and Pattern Recognition},
  pages={3594--3604},
  year={2022}
}


@article{muller2022instant,
  title={Instant neural graphics primitives with a multiresolution hash encoding},
  author={M{\"u}ller, Thomas and Evans, Alex and Schied, Christoph and Keller, Alexander},
  journal={ACM Transactions on Graphics (ToG)},
  volume={41},
  number={4},
  pages={1--15},
  year={2022},
  publisher={ACM New York, NY, USA}
}

@inproceedings{reiser2021kilonerf,
  title={Kilonerf: Speeding up neural radiance fields with thousands of tiny mlps},
  author={Reiser, Christian and Peng, Songyou and Liao, Yiyi and Geiger, Andreas},
  booktitle={Proceedings of the IEEE/CVF International Conference on Computer Vision},
  pages={14335--14345},
  year={2021}
}

@inproceedings{chen2023mobilenerf,
  title={Mobilenerf: Exploiting the polygon rasterization pipeline for efficient neural field rendering on mobile architectures},
  author={Chen, Zhiqin and Funkhouser, Thomas and Hedman, Peter and Tagliasacchi, Andrea},
  booktitle={Proceedings of the IEEE/CVF Conference on Computer Vision and Pattern Recognition},
  pages={16569--16578},
  year={2023}
}
@inproceedings{yu2021plenoctrees,
  title={Plenoctrees for real-time rendering of neural radiance fields},
  author={Yu, Alex and Li, Ruilong and Tancik, Matthew and Li, Hao and Ng, Ren and Kanazawa, Angjoo},
  booktitle={Proceedings of the IEEE/CVF International Conference on Computer Vision},
  pages={5752--5761},
  year={2021}
}

@InProceedings{Chen_2021_ICCV, author = {Chen, Weihan and Wang, Peisong and Cheng, Jian}, title = {Towards Mixed-Precision Quantization of Neural Networks via Constrained Optimization}, booktitle = {Proceedings of the IEEE/CVF International Conference on Computer Vision (ICCV)}, month = {October}, year = {2021}, pages = {5350-5359} }

@article{zhou2022spikformer,
  title={Spikformer: When spiking neural network meets transformer},
  author={Zhou, Zhaokun and Zhu, Yuesheng and He, Chao and Wang, Yaowei and Yan, Shuicheng and Tian, Yonghong and Yuan, Li},
  journal={arXiv preprint arXiv:2209.15425},
  year={2022}
}
@article{xing2024spikelm,
  title={SpikeLM: Towards General Spike-Driven Language Modeling via Elastic Bi-Spiking Mechanisms},
  author={Xing, Xingrun and Zhang, Zheng and Ni, Ziyi and Xiao, Shitao and Ju, Yiming and Fan, Siqi and Wang, Yequan and Zhang, Jiajun and Li, Guoqi},
  journal={arXiv preprint arXiv:2406.03287},
  year={2024}
}

@article{you2024spikezip,
  title={SpikeZIP-TF: Conversion is All You Need for Transformer-based SNN},
  author={You, Kang and Xu, Zekai and Nie, Chen and Deng, Zhijie and Guo, Qinghai and Wang, Xiang and He, Zhezhi},
  journal={arXiv preprint arXiv:2406.03470},
  year={2024}
}

@article{xing2024spikellm,
  title={SpikeLLM: Scaling up Spiking Neural Network to Large Language Models via Saliency-based Spiking},
  author={Xing, Xingrun and Gao, Boyan and Zhang, Zheng and Clifton, David A and Xiao, Shitao and Du, Li and Li, Guoqi and Zhang, Jiajun},
  journal={arXiv preprint arXiv:2407.04752},
  year={2024}
}

@inproceedings{guo2024ternary,
  title={Ternary spike: Learning ternary spikes for spiking neural networks},
  author={Guo, Yufei and Chen, Yuanpei and Liu, Xiaode and Peng, Weihang and Zhang, Yuhan and Huang, Xuhui and Ma, Zhe},
  booktitle={Proceedings of the AAAI Conference on Artificial Intelligence},
  volume={38},
  number={11},
  pages={12244--12252},
  year={2024}
}

@article{xiao2024multi,
  title={Multi-Bit Mechanism: A Novel Information Transmission Paradigm for Spiking Neural Networks},
  author={Xiao, Yongjun and Tian, Xianlong and Ding, Yongqi and Ding, Pei and Jing, Mengmeng and Zuo, Lin},
  journal={arxiv preprint arxiv:2407.05739},
  year={2024}
}

@article{zhu2022spiking,
  title={Spiking graph convolutional networks},
  author={Zhu, Zulun and Peng, Jiaying and Li, Jintang and Chen, Liang and Yu, Qi and Luo, Siqiang},
  journal={arXiv preprint arXiv:2205.02767},
  year={2022}
}

@article{zhu2023spikegpt,
  title={Spikegpt: Generative pre-trained language model with spiking neural networks},
  author={Zhu, Rui-Jie and Zhao, Qihang and Eshraghian, Jason K},
  journal={arXiv preprint arXiv:2302.13939},
  year={2023}
}

@article{roy2019towards,
  title={Towards spike-based machine intelligence with neuromorphic computing},
  author={Roy, Kaushik and Jaiswal, Akhilesh and Panda, Priyadarshini},
  journal={Nature},
  volume={575},
  number={7784},
  pages={607--617},
  year={2019},
  publisher={Nature Publishing Group UK London}
}

@article{maass1997networks,
  title={Networks of spiking neurons: the third generation of neural network models},
  author={Maass, Wolfgang},
  journal={Neural networks},
  volume={10},
  number={9},
  pages={1659--1671},
  year={1997},
  publisher={Elsevier}
}

@article{wassle2004parallel,
  title={Parallel processing in the mammalian retina},
  author={W{\"a}ssle, Heinz},
  journal={Nature Reviews Neuroscience},
  volume={5},
  number={10},
  pages={747--757},
  year={2004},
  publisher={Nature Publishing Group UK London}
}

@article{masland2012neuronal,
  title={The neuronal organization of the retina},
  author={Masland, Richard H},
  journal={Neuron},
  volume={76},
  number={2},
  pages={266--280},
  year={2012},
  publisher={Elsevier}
}

@inproceedings{mei2023deep,
  title={Deep polarization reconstruction with PDAVIS events},
  author={Mei, Haiyang and Wang, Zuowen and Yang, Xin and Wei, Xiaopeng and Delbruck, Tobi},
  booktitle={Proceedings of the IEEE/CVF Conference on Computer Vision and Pattern Recognition},
  pages={22149--22158},
  year={2023}
}

@article{mildenhall2021nerf,
  title={Nerf: Representing scenes as neural radiance fields for view synthesis},
  author={Mildenhall, Ben and Srinivasan, Pratul P and Tancik, Matthew and Barron, Jonathan T and Ramamoorthi, Ravi and Ng, Ren},
  journal={Communications of the ACM},
  volume={65},
  number={1},
  pages={99--106},
  year={2021},
  publisher={ACM New York, NY, USA}
}

@inproceedings{chen2022tensorf,
  title={Tensorf: Tensorial radiance fields},
  author={Chen, Anpei and Xu, Zexiang and Geiger, Andreas and Yu, Jingyi and Su, Hao},
  booktitle={European Conference on Computer Vision},
  pages={333--350},
  year={2022},
  organization={Springer}
}


@inproceedings{zhang2022spiking,
  title={Spiking transformers for event-based single object tracking},
  author={Zhang, Jiqing and Dong, Bo and Zhang, Haiwei and Ding, Jianchuan and Heide, Felix and Yin, Baocai and Yang, Xin},
  booktitle={Proceedings of the IEEE/CVF conference on Computer Vision and Pattern Recognition},
  pages={8801--8810},
  year={2022}
}

@article{kajiya1984ray,
  title={Ray tracing volume densities},
  author={Kajiya, James T and Von Herzen, Brian P},
  journal={ACM SIGGRAPH computer graphics},
  volume={18},
  number={3},
  pages={165--174},
  year={1984},
  publisher={ACM New York, NY, USA}
}
@article{tancik2020fourier,
  title={Fourier features let networks learn high frequency functions in low dimensional domains},
  author={Tancik, Matthew and Srinivasan, Pratul and Mildenhall, Ben and Fridovich-Keil, Sara and Raghavan, Nithin and Singhal, Utkarsh and Ramamoorthi, Ravi and Barron, Jonathan and Ng, Ren},
  journal={Advances in Neural Information Processing Systems},
  volume={33},
  pages={7537--7547},
  year={2020}
}



@article{mildenhall2019local,
  title={Local light field fusion: Practical view synthesis with prescriptive sampling guidelines},
  author={Mildenhall, Ben and Srinivasan, Pratul P and Ortiz-Cayon, Rodrigo and Kalantari, Nima Khademi and Ramamoorthi, Ravi and Ng, Ren and Kar, Abhishek},
  journal={ACM Transactions on Graphics (TOG)},
  volume={38},
  number={4},
  pages={1--14},
  year={2019},
  publisher={ACM New York, NY, USA}
}


@inproceedings{hu2022efficientnerf,
  title={Efficientnerf efficient neural radiance fields},
  author={Hu, Tao and Liu, Shu and Chen, Yilun and Shen, Tiancheng and Jia, Jiaya},
  booktitle={Proceedings of the IEEE/CVF Conference on Computer Vision and Pattern Recognition},
  pages={12902--12911},
  year={2022}
}


@inproceedings{barron2022mip,
  title={Mip-nerf 360: Unbounded anti-aliased neural radiance fields},
  author={Barron, Jonathan T and Mildenhall, Ben and Verbin, Dor and Srinivasan, Pratul P and Hedman, Peter},
  booktitle={Proceedings of the IEEE/CVF Conference on Computer Vision and Pattern Recognition},
  pages={5470--5479},
  year={2022}
}

@inproceedings{garbin2021fastnerf,
  title={Fastnerf: High-fidelity neural rendering at 200fps},
  author={Garbin, Stephan J and Kowalski, Marek and Johnson, Matthew and Shotton, Jamie and Valentin, Julien},
  booktitle={Proceedings of the IEEE/CVF international conference on computer vision},
  pages={14346--14355},
  year={2021}
}

@article{deng2020jaxnerf,
  title={JaxNeRF: an efficient JAX implementation of NeRF},
  author={Deng, Boyang and Barron, Jonathan T and Srinivasan, Pratul P},
  journal={URL http://github. com/googleresearch/google-research/tree/master/jaxnerf},
  year={2020}
}

@inproceedings{mao2024stellar,
  title={Stellar: Energy-Efficient and Low-Latency SNN Algorithm and Hardware Co-Design with Spatiotemporal Computation},
  author={Mao, Ruixin and Tang, Lin and Yuan, Xingyu and Liu, Ye and Zhou, Jun},
  booktitle={2024 IEEE International Symposium on High-Performance Computer Architecture (HPCA)},
  pages={172--185},
  year={2024},
  organization={IEEE}
}

@inproceedings{barron2021mip,
  title={Mip-nerf: A multiscale representation for anti-aliasing neural radiance fields},
  author={Barron, Jonathan T and Mildenhall, Ben and Tancik, Matthew and Hedman, Peter and Martin-Brualla, Ricardo and Srinivasan, Pratul P},
  booktitle={Proceedings of the IEEE/CVF International Conference on Computer Vision},
  pages={5855--5864},
  year={2021}
}

@article{zhang2020nerf++,
  title={Nerf++: Analyzing and improving neural radiance fields},
  author={Zhang, Kai and Riegler, Gernot and Snavely, Noah and Koltun, Vladlen},
  journal={arXiv preprint arXiv:2010.07492},
  year={2020}
}

@article{yin2022sata,
  title={Sata: Sparsity-aware training accelerator for spiking neural networks},
  author={Yin, Ruokai and Moitra, Abhishek and Bhattacharjee, Abhiroop and Kim, Youngeun and Panda, Priyadarshini},
  journal={IEEE Transactions on Computer-Aided Design of Integrated Circuits and Systems},
  volume={42},
  number={6},
  pages={1926--1938},
  year={2022},
  publisher={IEEE}
}

@inproceedings{lindell2021autoint,
  title={Autoint: Automatic integration for fast neural volume rendering},
  author={Lindell, David B and Martel, Julien NP and Wetzstein, Gordon},
  booktitle={Proceedings of the IEEE/CVF Conference on Computer Vision and Pattern Recognition},
  pages={14556--14565},
  year={2021}
}

@inproceedings{deng2022depth,
  title={Depth-supervised nerf: Fewer views and faster training for free},
  author={Deng, Kangle and Liu, Andrew and Zhu, Jun-Yan and Ramanan, Deva},
  booktitle={Proceedings of the IEEE/CVF Conference on Computer Vision and Pattern Recognition},
  pages={12882--12891},
  year={2022}
}

@inproceedings{wizadwongsa2021nex,
  title={Nex: Real-time view synthesis with neural basis expansion},
  author={Wizadwongsa, Suttisak and Phongthawee, Pakkapon and Yenphraphai, Jiraphon and Suwajanakorn, Supasorn},
  booktitle={Proceedings of the IEEE/CVF Conference on Computer Vision and Pattern Recognition},
  pages={8534--8543},
  year={2021}
}

@inproceedings{fridovich2022plenoxels,
  title={Plenoxels: Radiance fields without neural networks},
  author={Fridovich-Keil, Sara and Yu, Alex and Tancik, Matthew and Chen, Qinhong and Recht, Benjamin and Kanazawa, Angjoo},
  booktitle={Proceedings of the IEEE/CVF Conference on Computer Vision and Pattern Recognition},
  pages={5501--5510},
  year={2022}
}

@inproceedings{liu2022neural,
  title={Neural rays for occlusion-aware image-based rendering},
  author={Liu, Yuan and Peng, Sida and Liu, Lingjie and Wang, Qianqian and Wang, Peng and Theobalt, Christian and Zhou, Xiaowei and Wang, Wenping},
  booktitle={Proceedings of the IEEE/CVF Conference on Computer Vision and Pattern Recognition},
  pages={7824--7833},
  year={2022}
}

@inproceedings{hedman2021baking,
  title={Baking neural radiance fields for real-time view synthesis},
  author={Hedman, Peter and Srinivasan, Pratul P and Mildenhall, Ben and Barron, Jonathan T and Debevec, Paul},
  booktitle={Proceedings of the IEEE/CVF International Conference on Computer Vision},
  pages={5875--5884},
  year={2021}
}

@article{liu2020neural,
  title={Neural sparse voxel fields},
  author={Liu, Lingjie and Gu, Jiatao and Zaw Lin, Kyaw and Chua, Tat-Seng and Theobalt, Christian},
  journal={Advances in Neural Information Processing Systems},
  volume={33},
  pages={15651--15663},
  year={2020}
}

@inproceedings{kim2024metamix,
  title={MetaMix: Meta-state Precision Searcher for Mixed-precision Activation Quantization},
  author={Kim, Han-Byul and Lee, Joo Hyung and Yoo, Sungjoo and Kim, Hong-Seok},
  booktitle={Proceedings of the AAAI Conference on Artificial Intelligence},
  volume={38},
  number={12},
  pages={13132--13141},
  year={2024}
}

@inproceedings{guo2022real,
  title={Real spike: Learning real-valued spikes for spiking neural networks},
  author={Guo, Yufei and Zhang, Liwen and Chen, Yuanpei and Tong, Xinyi and Liu, Xiaode and Wang, YingLei and Huang, Xuhui and Ma, Zhe},
  booktitle={European Conference on Computer Vision},
  pages={52--68},
  year={2022},
  organization={Springer}
}



@article{wu2021liaf,
  title={Liaf-net: Leaky integrate and analog fire network for lightweight and efficient spatiotemporal information processing},
  author={Wu, Zhenzhi and Zhang, Hehui and Lin, Yihan and Li, Guoqi and Wang, Meng and Tang, Ye},
  journal={IEEE Transactions on Neural Networks and Learning Systems},
  year={2021},
  publisher={IEEE}
}

@inproceedings{rathi2019enabling,
  title={Enabling Deep Spiking Neural Networks with Hybrid Conversion and Spike Timing Dependent Backpropagation},
  author={Rathi, Nitin and Srinivasan, Gopalakrishnan and Panda, Priyadarshini and Roy, Kaushik},
  booktitle={International Conference on Learning Representations},
  year={2019}
}

@article{wu2018spatio,
  title={Spatio-temporal backpropagation for training high-performance spiking neural networks},
  author={Wu, Yujie and Deng, Lei and Li, Guoqi and Zhu, Jun and Shi, Luping},
  journal={Frontiers in neuroscience},
  volume={12},
  pages={331},
  year={2018},
  publisher={Frontiers}
}

@inproceedings{wu2019direct,
  title={Direct training for spiking neural networks: Faster, larger, better},
  author={Wu, Yujie and Deng, Lei and Li, Guoqi and Zhu, Jun and Xie, Yuan and Shi, Luping},
  booktitle={Proceedings of the AAAI Conference on Artificial Intelligence},
  volume={33},
  number={01},
  pages={1311--1318},
  year={2019}
}

@article{zhang2020temporal,
  title={Temporal spike sequence learning via backpropagation for deep spiking neural networks},
  author={Zhang, Wenrui and Li, Peng},
  journal={Advances in Neural Information Processing Systems},
  volume={33},
  pages={12022--12033},
  year={2020}
}

@article{jain2020trained,
  title={Trained quantization thresholds for accurate and efficient fixed-point inference of deep neural networks},
  author={Jain, Sambhav and Gural, Albert and Wu, Michael and Dick, Chris},
  journal={Proceedings of Machine Learning and Systems},
  volume={2},
  pages={112--128},
  year={2020}
}

@article{choi2018pact,
  title={Pact: Parameterized clipping activation for quantized neural networks},
  author={Choi, Jungwook and Wang, Zhuo and Venkataramani, Swagath and Chuang, Pierce I-Jen and Srinivasan, Vijayalakshmi and Gopalakrishnan, Kailash},
  journal={arXiv preprint arXiv:1805.06085},
  year={2018}
}


@inproceedings{dong2019hawq,
  title={Hawq: Hessian aware quantization of neural networks with mixed-precision},
  author={Dong, Zhen and Yao, Zhewei and Gholami, Amir and Mahoney, Michael W and Keutzer, Kurt},
  booktitle={Proceedings of the IEEE/CVF international conference on computer vision},
  pages={293--302},
  year={2019}
}

@article{uhlich2019mixed,
  title={Mixed precision dnns: All you need is a good parametrization},
  author={Uhlich, Stefan and Mauch, Lukas and Cardinaux, Fabien and Yoshiyama, Kazuki and Garcia, Javier Alonso and Tiedemann, Stephen and Kemp, Thomas and Nakamura, Akira},
  journal={arXiv preprint arXiv:1905.11452},
  year={2019}
}

@inproceedings{wang2019haq,
  title={Haq: Hardware-aware automated quantization with mixed precision},
  author={Wang, Kuan and Liu, Zhijian and Lin, Yujun and Lin, Ji and Han, Song},
  booktitle={Proceedings of the IEEE/CVF conference on computer vision and pattern recognition},
  pages={8612--8620},
  year={2019}
}

@article{wu2018mixed,
  title={Mixed precision quantization of convnets via differentiable neural architecture search},
  author={Wu, Bichen and Wang, Yanghan and Zhang, Peizhao and Tian, Yuandong and Vajda, Peter and Keutzer, Kurt},
  journal={arXiv preprint arXiv:1812.00090},
  year={2018}
}

@article{bengio2013estimating,
  title={Estimating or propagating gradients through stochastic neurons for conditional computation},
  author={Bengio, Yoshua and L{\'e}onard, Nicholas and Courville, Aaron},
  journal={arXiv preprint arXiv:1308.3432},
  year={2013}
}

@inproceedings{zhang2021differentiable,
  title={Differentiable dynamic quantization with mixed precision and adaptive resolution},
  author={Zhang, Zhaoyang and Shao, Wenqi and Gu, Jinwei and Wang, Xiaogang and Luo, Ping},
  booktitle={International Conference on Machine Learning},
  pages={12546--12556},
  year={2021},
  organization={PMLR}
}

@inproceedings{huang2022sdq,
  title={SDQ: Stochastic differentiable quantization with mixed precision},
  author={Huang, Xijie and Shen, Zhiqiang and Li, Shichao and Liu, Zechun and Xianghong, Hu and Wicaksana, Jeffry and Xing, Eric and Cheng, Kwang-Ting},
  booktitle={International Conference on Machine Learning},
  pages={9295--9309},
  year={2022},
  organization={PMLR}
}

@article{gernigon2024adaqat,
  title={AdaQAT: Adaptive Bit-Width Quantization-Aware Training},
  author={Gernigon, C{\'e}dric and Filip, Silviu-Ioan and Sentieys, Olivier and Coggiola, Cl{\'e}ment and Bruno, Mickael},
  journal={arXiv preprint arXiv:2404.16876},
  year={2024}
}

@article{elthakeb2020releq,
  title={Releq: A reinforcement learning approach for automatic deep quantization of neural networks},
  author={Elthakeb, Ahmed T and Pilligundla, Prannoy and Mireshghallah, Fatemehsadat and Yazdanbakhsh, Amir and Esmaeilzadeh, Hadi},
  journal={IEEE micro},
  volume={40},
  number={5},
  pages={37--45},
  year={2020},
  publisher={IEEE}
}


@article{hu2021spiking,
  title={Spiking deep residual networks},
  author={Hu, Yangfan and Tang, Huajin and Pan, Gang},
  journal={IEEE Transactions on Neural Networks and Learning Systems},
  volume={34},
  number={8},
  pages={5200--5205},
  year={2021},
  publisher={IEEE}
}


@article{liefficient,
  title={Efficient and Accurate Conversion of Spiking Neural Network with Burst Spikes},
  author={Li, Yang and Zeng, Yi}
}

@article{rathi2020enabling,
  title={Enabling deep spiking neural networks with hybrid conversion and spike timing dependent backpropagation},
  author={Rathi, Nitin and Srinivasan, Gopalakrishnan and Panda, Priyadarshini and Roy, Kaushik},
  journal={arXiv preprint arXiv:2005.01807},
  year={2020}
}

@article{deng2022temporal,
  title={Temporal efficient training of spiking neural network via gradient re-weighting},
  author={Deng, Shikuang and Li, Yuhang and Zhang, Shanghang and Gu, Shi},
  journal={arXiv preprint arXiv:2202.11946},
  year={2022}
}

@inproceedings{shen2024conventional,
  title={Are Conventional SNNs Really Efficient? A Perspective from Network Quantization},
  author={Shen, Guobin and Zhao, Dongcheng and Li, Tenglong and Li, Jindong and Zeng, Yi},
  booktitle={Proceedings of the IEEE/CVF Conference on Computer Vision and Pattern Recognition},
  pages={27538--27547},
  year={2024}
}

@article{fengmulti,
  title={Multi-Level Firing with Spiking DS-ResNet: Enabling Better and Deeper Directly-Trained Spiking Neural Networks},
  author={Feng, Lang and Liu, Qianhui and Tang, Huajin and Ma, De and Pan, Gang}
}

@article{yao2022glif,
  title={Glif: A unified gated leaky integrate-and-fire neuron for spiking neural networks},
  author={Yao, Xingting and Li, Fanrong and Mo, Zitao and Cheng, Jian},
  journal={Advances in Neural Information Processing Systems},
  volume={35},
  pages={32160--32171},
  year={2022}
}

@inproceedings{zheng2021going,
  title={Going Deeper With Directly-Trained Larger Spiking Neural Networks},
  author={Zheng, Hanle and Wu, Yujie and Deng, Lei and Hu, Yifan and Li, Guoqi},
  booktitle={Proceedings of the AAAI Conference on Artificial Intelligence},
  volume={35},
  number={12},
  pages={11062--11070},
  year={2021}
}

@article{fang2021deep,
  title={Deep residual learning in spiking neural networks},
  author={Fang, Wei and Yu, Zhaofei and Chen, Yanqi and Huang, Tiejun and Masquelier, Timoth{\'e}e and Tian, Yonghong},
  journal={Advances in Neural Information Processing Systems},
  volume={34},
  year={2021}
}

@article{hu2021advancing,
  title={Advancing Residual Learning towards Powerful Deep Spiking Neural Networks},
  author={Hu, Yifan and Wu, Yujie and Deng, Lei and Li, Guoqi},
  journal={arXiv preprint arXiv:2112.08954},
  year={2021}
}

@article{kugele2020efficient,
  title={Efficient processing of spatio-temporal data streams with spiking neural networks},
  author={Kugele, Alexander and Pfeil, Thomas and Pfeiffer, Michael and Chicca, Elisabetta},
  journal={Frontiers in neuroscience},
  volume={14},
  pages={439},
  year={2020},
  publisher={Frontiers}
}

@inproceedings{deng2021temporal,
  title={Temporal Efficient Training of Spiking Neural Network via Gradient Re-weighting},
  author={Deng, Shikuang and Li, Yuhang and Zhang, Shanghang and Gu, Shi},
  booktitle={International Conference on Learning Representations},
  year={2021}
}


@article{li2021differentiable,
  title={Differentiable Spike: Rethinking Gradient-Descent for Training Spiking Neural Networks},
  author={Li, Yuhang and Guo, Yufei and Zhang, Shanghang and Deng, Shikuang and Hai, Yongqing and Gu, Shi},
  journal={Advances in Neural Information Processing Systems},
  volume={34},
  year={2021}
}


@article{rathi2020diet,
  title={Diet-snn: Direct input encoding with leakage and threshold optimization in deep spiking neural networks},
  author={Rathi, Nitin and Roy, Kaushik},
  journal={arXiv preprint arXiv:2008.03658},
  year={2020}
}

@inproceedings{fang2021incorporating,
  title={Incorporating learnable membrane time constant to enhance learning of spiking neural networks},
  author={Fang, Wei and Yu, Zhaofei and Chen, Yanqi and Masquelier, Timoth{\'e}e and Huang, Tiejun and Tian, Yonghong},
  booktitle={Proceedings of the IEEE/CVF International Conference on Computer Vision},
  pages={2661--2671},
  year={2021}
}

@article{kaiser2020synaptic,
  title={Synaptic plasticity dynamics for deep continuous local learning (DECOLLE)},
  author={Kaiser, Jacques and Mostafa, Hesham and Neftci, Emre},
  journal={Frontiers in Neuroscience},
  volume={14},
  pages={424},
  year={2020},
  publisher={Frontiers}
}

@article{smith2014efficient,
  title={Efficient digital neurons for large scale cortical architectures},
  author={Smith, James E},
  journal={ACM SIGARCH Computer Architecture News},
  volume={42},
  number={3},
  pages={229--240},
  year={2014},
  publisher={ACM New York, NY, USA}
}

@article{sengupta2019going,
  title={Going deeper in spiking neural networks: VGG and residual architectures},
  author={Sengupta, Abhronil and Ye, Yuting and Wang, Robert and Liu, Chiao and Roy, Kaushik},
  journal={Frontiers in neuroscience},
  volume={13},
  pages={95},
  year={2019},
  publisher={Frontiers}
}

@article{abbott1999lapicque,
  title={Lapicque’s introduction of the integrate-and-fire model neuron (1907)},
  author={Abbott, Larry F},
  journal={Brain research bulletin},
  volume={50},
  number={5-6},
  pages={303--304},
  year={1999},
  publisher={Citeseer}
}

@article{upegui2005fpga,
  title={An FPGA platform for on-line topology exploration of spiking neural networks},
  author={Upegui, Andres and Pena-Reyes, Carlos Andr{\'e}s and Sanchez, Eduardo},
  journal={Microprocessors and microsystems},
  volume={29},
  number={5},
  pages={211--223},
  year={2005},
  publisher={Elsevier}
}

@inproceedings{nere2013bridging,
  title={Bridging the semantic gap: Emulating biological neuronal behaviors with simple digital neurons},
  author={Nere, Andrew and Hashmi, Atif and Lipasti, Mikko and Tononi, Giulio},
  booktitle={2013 IEEE 19th International Symposium on High Performance Computer Architecture (HPCA)},
  pages={472--483},
  year={2013},
  organization={IEEE}
}

@article{merolla2014million,
  title={A million spiking-neuron integrated circuit with a scalable communication network and interface},
  author={Merolla, Paul A and Arthur, John V and Alvarez-Icaza, Rodrigo and Cassidy, Andrew S and Sawada, Jun and Akopyan, Filipp and Jackson, Bryan L and Imam, Nabil and Guo, Chen and Nakamura, Yutaka and others},
  journal={Science},
  volume={345},
  number={6197},
  pages={668--673},
  year={2014},
  publisher={American Association for the Advancement of Science}
}


@book{gerstner2002spiking,
  title={Spiking neuron models: Single neurons, populations, plasticity},
  author={Gerstner, Wulfram and Kistler, Werner M},
  year={2002},
  publisher={Cambridge university press}
}

@inproceedings{cheng2020lisnn,
  title={LISNN: Improving Spiking Neural Networks with Lateral Interactions for Robust Object Recognition.},
  author={Cheng, Xiang and Hao, Yunzhe and Xu, Jiaming and Xu, Bo},
  booktitle={IJCAI},
  pages={1519--1525},
  year={2020}
}

@article{fourcaud2003spike,
  title={How spike generation mechanisms determine the neuronal response to fluctuating inputs},
  author={Fourcaud-Trocm{\'e}, Nicolas and Hansel, David and Van Vreeswijk, Carl and Brunel, Nicolas},
  journal={Journal of neuroscience},
  volume={23},
  number={37},
  pages={11628--11640},
  year={2003},
  publisher={Soc Neuroscience}
}

@inproceedings{lee2018flexon,
  title={Flexon: A flexible digital neuron for efficient spiking neural network simulations},
  author={Lee, Dayeol and Lee, Gwangmu and Kwon, Dongup and Lee, Sunghwa and Kim, Youngsok and Kim, Jangwoo},
  booktitle={2018 ACM/IEEE 45th Annual International Symposium on Computer Architecture (ISCA)},
  pages={275--288},
  year={2018},
  organization={IEEE}
}

@inproceedings{yang2021backpropagated,
  title={Backpropagated neighborhood aggregation for accurate training of spiking neural networks},
  author={Yang, Yukun and Zhang, Wenrui and Li, Peng},
  booktitle={International Conference on Machine Learning},
  pages={11852--11862},
  year={2021},
  organization={PMLR}
}

@article{bu2023optimal,
  title={Optimal ANN-SNN conversion for high-accuracy and ultra-low-latency spiking neural networks},
  author={Bu, Tong and Fang, Wei and Ding, Jianhao and Dai, PengLin and Yu, Zhaofei and Huang, Tiejun},
  journal={arXiv preprint arXiv:2303.04347},
  year={2023}
}

@article{deng2021optimal,
  title={Optimal conversion of conventional artificial neural networks to spiking neural networks},
  author={Deng, Shikuang and Gu, Shi},
  journal={arXiv preprint arXiv:2103.00476},
  year={2021}
}

@inproceedings{li2021free,
  title={A free lunch from ANN: Towards efficient, accurate spiking neural networks calibration},
  author={Li, Yuhang and Deng, Shikuang and Dong, Xin and Gong, Ruihao and Gu, Shi},
  booktitle={International Conference on Machine Learning},
  pages={6316--6325},
  year={2021},
  organization={PMLR}
}

@article{rueckauer2017conversion,
  title={Conversion of continuous-valued deep networks to efficient event-driven networks for image classification},
  author={Rueckauer, Bodo and Lungu, Iulia-Alexandra and Hu, Yuhuang and Pfeiffer, Michael and Liu, Shih-Chii},
  journal={Frontiers in neuroscience},
  volume={11},
  pages={682},
  year={2017},
  publisher={Frontiers}
}

@inproceedings{diehl2015fast,
  title={Fast-classifying, high-accuracy spiking deep networks through weight and threshold balancing},
  author={Diehl, Peter U and Neil, Daniel and Binas, Jonathan and Cook, Matthew and Liu, Shih-Chii and Pfeiffer, Michael},
  booktitle={2015 International joint conference on neural networks (IJCNN)},
  pages={1--8},
  year={2015},
  organization={ieee}
}

@inproceedings{diehl2016truehappiness,
  title={Truehappiness: Neuromorphic emotion recognition on truenorth},
  author={Diehl, Peter U and Pedroni, Bruno U and Cassidy, Andrew and Merolla, Paul and Neftci, Emre and Zarrella, Guido},
  booktitle={2016 international joint conference on neural networks (ijcnn)},
  pages={4278--4285},
  year={2016},
  organization={IEEE}
}


@article{knapitsch2017tanks,
  title={Tanks and temples: Benchmarking large-scale scene reconstruction},
  author={Knapitsch, Arno and Park, Jaesik and Zhou, Qian-Yi and Koltun, Vladlen},
  journal={ACM Transactions on Graphics (ToG)},
  volume={36},
  number={4},
  pages={1--13},
  year={2017},
  publisher={ACM New York, NY, USA}
}
@inproceedings{yao2020blendedmvs,
  title={Blendedmvs: A large-scale dataset for generalized multi-view stereo networks},
  author={Yao, Yao and Luo, Zixin and Li, Shiwei and Zhang, Jingyang and Ren, Yufan and Zhou, Lei and Fang, Tian and Quan, Long},
  booktitle={Proceedings of the IEEE/CVF conference on computer vision and pattern recognition},
  pages={1790--1799},
  year={2020}
}

@inproceedings{garg2021dct,
  title={Dct-snn: Using dct to distribute spatial information over time for low-latency spiking neural networks},
  author={Garg, Isha and Chowdhury, Sayeed Shafayet and Roy, Kaushik},
  booktitle={Proceedings of the IEEE/CVF International Conference on Computer Vision},
  pages={4671--4680},
  year={2021}
}

@inproceedings{han2020rmp,
  title={Rmp-snn: Residual membrane potential neuron for enabling deeper high-accuracy and low-latency spiking neural network},
  author={Han, Bing and Srinivasan, Gopalakrishnan and Roy, Kaushik},
  booktitle={Proceedings of the IEEE/CVF conference on computer vision and pattern recognition},
  pages={13558--13567},
  year={2020}
}

@ARTICLE{10122627,
  author={Moitra, Abhishek and Bhattacharjee, Abhiroop and Kuang, Runcong and Krishnan, Gokul and Cao, Yu and Panda, Priyadarshini},
  journal={IEEE Transactions on Computer-Aided Design of Integrated Circuits and Systems}, 
  title={SpikeSim: An end-to-end Compute-in-Memory Hardware Evaluation Tool for Benchmarking Spiking Neural Networks}, 
  year={2023},
  volume={},
  number={},
  pages={1-1},
  doi={10.1109/TCAD.2023.3274918}}



@article{shrestha2018slayer,
  title={Slayer: Spike layer error reassignment in time},
  author={Shrestha, Sumit B and Orchard, Garrick},
  journal={Advances in neural information processing systems},
  volume={31},
  year={2018}
}
@article{lee2020enabling,
  title={Enabling spike-based backpropagation for training deep neural network architectures},
  author={Lee, Chankyu and Sarwar, Syed Shakib and Panda, Priyadarshini and Srinivasan, Gopalakrishnan and Roy, Kaushik},
  journal={Frontiers in neuroscience},
  pages={119},
  year={2020},
  publisher={Frontiers}
}

@InProceedings{pmlr-v162-khajehnejad22a,
  title = 	 {Neural Network Poisson Models for Behavioural and Neural Spike Train Data},
  author =       {Khajehnejad, Moein and Habibollahi, Forough and Nock, Richard and Arabzadeh, Ehsan and Dayan, Peter and Dezfouli, Amir},
  booktitle = 	 {Proceedings of the 39th International Conference on Machine Learning},
  pages = 	 {10974--10996},
  year = 	 {2022},
  editor = 	 {Chaudhuri, Kamalika and Jegelka, Stefanie and Song, Le and Szepesvari, Csaba and Niu, Gang and Sabato, Sivan},
  volume = 	 {162},
  series = 	 {Proceedings of Machine Learning Research},
  month = 	 {17--23 Jul},
  publisher =    {PMLR},
  pdf = 	 {https://proceedings.mlr.press/v162/khajehnejad22a/khajehnejad22a.pdf},
  url = 	 {https://proceedings.mlr.press/v162/khajehnejad22a.html},
  abstract = 	 {One of the most important and challenging application areas for complex machine learning methods is to predict, characterize and model rich, multi-dimensional, neural data. Recent advances in neural recording techniques have made it possible to monitor the activity of a large number of neurons across different brain regions as animals perform behavioural tasks. This poses the critical challenge of establishing links between neural activity at a microscopic scale, which might for instance represent sensory input, and at a macroscopic scale, which then generates behaviour. Predominant modeling methods apply rather disjoint techniques to these scales; by contrast, we suggest an end-to-end model which exploits recent developments of flexible, but tractable, neural network point-process models to characterize dependencies between stimuli, actions, and neural data. We apply this model to a public dataset collected using Neuropixel probes in mice performing a visually-guided behavioural task as well as a synthetic dataset produced from a hierarchical network model with reciprocally connected sensory and integration circuits intended to characterize animal behaviour in a fixed-duration motion discrimination task. We show that our model outperforms previous approaches and contributes novel insights into the relationships between neural activity and behaviour.}
}

@inproceedings{zhang2020sparch,
  title={Sparch: Efficient architecture for sparse matrix multiplication},
  author={Zhang, Zhekai and Wang, Hanrui and Han, Song and Dally, William J},
  booktitle={2020 IEEE International Symposium on High Performance Computer Architecture (HPCA)},
  pages={261--274},
  year={2020},
  organization={IEEE}
}


@article{xing2020new,
  title={A new spiking convolutional recurrent neural network (SCRNN) with applications to event-based hand gesture recognition},
  author={Xing, Yannan and Di Caterina, Gaetano and Soraghan, John},
  journal={Frontiers in neuroscience},
  volume={14},
  pages={1143},
  year={2020},
  publisher={Frontiers}
}

@article{he2020comparing,
  title={Comparing SNNs and RNNs on neuromorphic vision datasets: Similarities and differences},
  author={He, Weihua and Wu, YuJie and Deng, Lei and Li, Guoqi and Wang, Haoyu and Tian, Yang and Ding, Wei and Wang, Wenhui and Xie, Yuan},
  journal={Neural Networks},
  volume={132},
  pages={108--120},
  year={2020},
  publisher={Elsevier}
}


@inproceedings{park2019fast,
  title={Fast and efficient information transmission with burst spikes in deep spiking neural networks},
  author={Park, Seongsik and Kim, Seijoon and Choe, Hyeokjun and Yoon, Sungroh},
  booktitle={2019 56th ACM/IEEE Design Automation Conference (DAC)},
  pages={1--6},
  year={2019},
  organization={IEEE}
}

@article{kim2018deep,
  title={Deep neural networks with weighted spikes},
  author={Kim, Jaehyun and Kim, Heesu and Huh, Subin and Lee, Jinho and Choi, Kiyoung},
  journal={Neurocomputing},
  volume={311},
  pages={373--386},
  year={2018},
  publisher={Elsevier}
}

@inproceedings{park2020t2fsnn,
  title={T2FSNN: deep spiking neural networks with time-to-first-spike coding},
  author={Park, Seongsik and Kim, Seijoon and Na, Byunggook and Yoon, Sungroh},
  booktitle={2020 57th ACM/IEEE Design Automation Conference (DAC)},
  pages={1--6},
  year={2020},
  organization={IEEE}
}

@article{akopyan2015truenorth,
  title={Truenorth: Design and tool flow of a 65 mw 1 million neuron programmable neurosynaptic chip},
  author={Akopyan, Filipp and Sawada, Jun and Cassidy, Andrew and Alvarez-Icaza, Rodrigo and Arthur, John and Merolla, Paul and Imam, Nabil and Nakamura, Yutaka and Datta, Pallab and Nam, Gi-Joon and others},
  journal={IEEE transactions on computer-aided design of integrated circuits and systems},
  volume={34},
  number={10},
  pages={1537--1557},
  year={2015},
  publisher={IEEE}
}

@article{zimmer2019technical,
  title={Technical report: supervised training of convolutional spiking neural networks with PyTorch},
  author={Zimmer, Romain and Pellegrini, Thomas and Singh, Srisht Fateh and Masquelier, Timoth{\'e}e},
  journal={arXiv preprint arXiv:1911.10124},
  year={2019}
}

@article{bellec2018long,
  title={Long short-term memory and learning-to-learn in networks of spiking neurons},
  author={Bellec, Guillaume and Salaj, Darjan and Subramoney, Anand and Legenstein, Robert and Maass, Wolfgang},
  journal={Advances in neural information processing systems},
  volume={31},
  year={2018}
}

@article{stockl2021optimized,
  title={Optimized spiking neurons can classify images with high accuracy through temporal coding with two spikes},
  author={St{\"o}ckl, Christoph and Maass, Wolfgang},
  journal={Nature Machine Intelligence},
  volume={3},
  number={3},
  pages={230--238},
  year={2021},
  publisher={Nature Publishing Group}
}

@article{lee2016training,
  title={Training deep spiking neural networks using backpropagation},
  author={Lee, Jun Haeng and Delbruck, Tobi and Pfeiffer, Michael},
  journal={Frontiers in neuroscience},
  volume={10},
  pages={508},
  year={2016},
  publisher={Frontiers}
}

@inproceedings{bohte2000spikeprop,
  title={SpikeProp: backpropagation for networks of spiking neurons.},
  author={Bohte, Sander M and Kok, Joost N and La Poutr{\'e}, Johannes A},
  booktitle={ESANN},
  volume={48},
  pages={419--424},
  year={2000},
  organization={Bruges}
}

@article{rumelhart1986learning,
  title={Learning representations by back-propagating errors},
  author={Rumelhart, David E and Hinton, Geoffrey E and Williams, Ronald J},
  journal={nature},
  volume={323},
  number={6088},
  pages={533--536},
  year={1986},
  publisher={Nature Publishing Group}
}

@inproceedings{zhu2019binary,
  title={Binary ensemble neural network: More bits per network or more networks per bit?},
  author={Zhu, Shilin and Dong, Xin and Su, Hao},
  booktitle={Proceedings of the IEEE/CVF conference on computer vision and pattern recognition},
  pages={4923--4932},
  year={2019}
}

@inproceedings{meng2022training,
  title={Training high-performance low-latency spiking neural networks by differentiation on spike representation},
  author={Meng, Qingyan and Xiao, Mingqing and Yan, Shen and Wang, Yisen and Lin, Zhouchen and Luo, Zhi-Quan},
  booktitle={Proceedings of the IEEE/CVF conference on computer vision and pattern recognition},
  pages={12444--12453},
  year={2022}
}

@article{hu2024advancing,
  title={Advancing spiking neural networks toward deep residual learning},
  author={Hu, Yifan and Deng, Lei and Wu, Yujie and Yao, Man and Li, Guoqi},
  journal={IEEE Transactions on Neural Networks and Learning Systems},
  year={2024},
  publisher={IEEE}
}


@inproceedings{yao2021temporal,
  title={Temporal-wise Attention Spiking Neural Networks for Event Streams Classification},
  author={Yao, Man and Gao, Huanhuan and Zhao, Guangshe and Wang, Dingheng and Lin, Yihan and Yang, Zhaoxu and Li, Guoqi},
  booktitle={Proceedings of the IEEE/CVF International Conference on Computer Vision},
  pages={10221--10230},
  year={2021}
}

@article{krizhevsky2009learning,
  title={Learning multiple layers of features from tiny images},
  author={Krizhevsky, Alex and Hinton, Geoffrey and others},
  year={2009},
  publisher={Citeseer}
}

@inproceedings{deng2009imagenet,
  title={Imagenet: A large-scale hierarchical image database},
  author={Deng, Jia and Dong, Wei and Socher, Richard and Li, Li-Jia and Li, Kai and Fei-Fei, Li},
  booktitle={2009 IEEE conference on computer vision and pattern recognition},
  pages={248--255},
  year={2009},
  organization={Ieee}
}

@inproceedings{amir2017low,
  title={A low power, fully event-based gesture recognition system},
  author={Amir, Arnon and Taba, Brian and Berg, David and Melano, Timothy and McKinstry, Jeffrey and Di Nolfo, Carmelo and Nayak, Tapan and Andreopoulos, Alexander and Garreau, Guillaume and Mendoza, Marcela and others},
  booktitle={Proceedings of the IEEE conference on computer vision and pattern recognition},
  pages={7243--7252},
  year={2017}
}

@inproceedings{he2016deep,
  title={Deep residual learning for image recognition},
  author={He, Kaiming and Zhang, Xiangyu and Ren, Shaoqing and Sun, Jian},
  booktitle={Proceedings of the IEEE conference on computer vision and pattern recognition},
  pages={770--778},
  year={2016}
}

@inproceedings{ioffe2015batch,
  title={Batch normalization: Accelerating deep network training by reducing internal covariate shift},
  author={Ioffe, Sergey and Szegedy, Christian},
  booktitle={International conference on machine learning},
  pages={448--456},
  year={2015},
  organization={PMLR}
}




@book{gerstner2014neuronal,
  title={Neuronal dynamics: From single neurons to networks and models of cognition},
  author={Gerstner, Wulfram and Kistler, Werner M and Naud, Richard and Paninski, Liam},
  year={2014},
  publisher={Cambridge University Press}
}

@article{hodgkin1952quantitative,
  title={A quantitative description of membrane current and its application to conduction and excitation in nerve},
  author={Hodgkin, Alan L and Huxley, Andrew F},
  journal={The Journal of physiology},
  volume={117},
  number={4},
  pages={500},
  year={1952},
  publisher={Wiley-Blackwell}
}

@article{dayan2003theoretical,
  title={Theoretical neuroscience: computational and mathematical modeling of neural systems},
  author={Dayan, Peter and Abbott, Laurence F and others},
  journal={Journal of Cognitive Neuroscience},
  volume={15},
  number={1},
  pages={154--155},
  year={2003}
}

@article{izhikevich2004spike,
  title={Spike-timing dynamics of neuronal groups},
  author={Izhikevich, Eugene M and Gally, Joseph A and Edelman, Gerald M},
  journal={Cerebral cortex},
  volume={14},
  number={8},
  pages={933--944},
  year={2004},
  publisher={Oxford University Press}
}

@article{wu2020deep,
  title={Deep spiking neural networks for large vocabulary automatic speech recognition},
  author={Wu, Jibin and Y{\i}lmaz, Emre and Zhang, Malu and Li, Haizhou and Tan, Kay Chen},
  journal={Frontiers in neuroscience},
  volume={14},
  pages={199},
  year={2020},
  publisher={Frontiers}
}


@inproceedings{kim2020spiking,
  title={Spiking-yolo: spiking neural network for energy-efficient object detection},
  author={Kim, Seijoon and Park, Seongsik and Na, Byunggook and Yoon, Sungroh},
  booktitle={Proceedings of the AAAI Conference on Artificial Intelligence},
  volume={34},
  number={07},
  pages={11270--11277},
  year={2020}
}


@article{schrauwen2008compact,
  title={Compact hardware liquid state machines on FPGA for real-time speech recognition},
  author={Schrauwen, Benjamin and D’Haene, Michiel and Verstraeten, David and Van Campenhout, Jan},
  journal={Neural networks},
  volume={21},
  number={2-3},
  pages={511--523},
  year={2008},
  publisher={Elsevier}
}

@article{guo2021neural,
  title={Neural coding in spiking neural networks: A comparative study for robust neuromorphic systems},
  author={Guo, Wenzhe and Fouda, Mohammed E and Eltawil, Ahmed M and Salama, Khaled Nabil},
  journal={Frontiers in Neuroscience},
  volume={15},
  pages={212},
  year={2021},
  publisher={Frontiers}
}

@article{lee2006dynamic,
  title={Dynamic remodeling of dendritic arbors in GABAergic interneurons of adult visual cortex},
  author={Lee, Wei-Chung Allen and Huang, Hayden and Feng, Guoping and Sanes, Joshua R and Brown, Emery N and So, Peter T and Nedivi, Elly},
  journal={PLoS biology},
  volume={4},
  number={2},
  pages={e29},
  year={2006},
  publisher={Public Library of Science San Francisco, USA}
}

@article{zhang2022recent,
  title={Recent Advances and New Frontiers in Spiking Neural Networks},
  author={Zhang, Duzhen and Zhang, Tielin and Jia, Shuncheng and Wang, Qingyu and Xu, Bo},
  journal={arXiv preprint arXiv:2204.07050},
  year={2022}
}

@inproceedings{li2020resipe,
  title={Resipe: Reram-based single-spiking processing-in-memory engine},
  author={Li, Ziru and Yan, Bonan and Li, Hai},
  booktitle={2020 57th ACM/IEEE Design Automation Conference (DAC)},
  pages={1--6},
  year={2020},
  organization={IEEE}
}

@article{pei2019towards,
  title={Towards artificial general intelligence with hybrid Tianjic chip architecture},
  author={Pei, Jing and Deng, Lei and Song, Sen and Zhao, Mingguo and Zhang, Youhui and Wu, Shuang and Wang, Guanrui and Zou, Zhe and Wu, Zhenzhi and He, Wei and others},
  journal={Nature},
  volume={572},
  number={7767},
  pages={106--111},
  year={2019},
  publisher={Nature Publishing Group}
}

@article{alyamkin20182018,
  title={2018 low-power image recognition challenge},
  author={Alyamkin, Sergei and Ardi, Matthew and Brighton, Achille and Berg, Alexander C and Chen, Yiran and Cheng, Hsin-Pai and Chen, Bo and Fan, Zichen and Feng, Chen and Fu, Bo and others},
  journal={arXiv preprint arXiv:1810.01732},
  year={2018}
}

@article{lee2023mf,
  title={Mf-nerf: Memory efficient nerf with mixed-feature hash table},
  author={Lee, Yongjae and Yang, Li and Fan, Deliang},
  journal={ArXiv, abs/2304.12587},
  volume={2},
  pages={3},
  year={2023}
}

@inproceedings{esser2020learned,
  title={Learned Step Size Quantization},
  author={Esser, Steven K and McKinstry, Jeffrey L and Bablani, Deepika and Appuswamy, Rathinakumar and Modha, Dharmendra S},
  booktitle={International Conference on Learning Representations},
  year={2020}
}

@inproceedings{narayanan2020spinalflow,
  title={SpinalFlow: An architecture and dataflow tailored for spiking neural networks},
  author={Narayanan, Surya and Taht, Karl and Balasubramonian, Rajeev and Giacomin, Edouard and Gaillardon, Pierre-Emmanuel},
  booktitle={2020 ACM/IEEE 47th Annual International Symposium on Computer Architecture (ISCA)},
  pages={349--362},
  year={2020},
  organization={IEEE}
}

@inproceedings{he2015delving,
  title={Delving deep into rectifiers: Surpassing human-level performance on imagenet classification},
  author={He, Kaiming and Zhang, Xiangyu and Ren, Shaoqing and Sun, Jian},
  booktitle={Proceedings of the IEEE international conference on computer vision},
  pages={1026--1034},
  year={2015}
}

@article{davies2018loihi,
  title={Loihi: A neuromorphic manycore processor with on-chip learning},
  author={Davies, Mike and Srinivasa, Narayan and Lin, Tsung-Han and Chinya, Gautham and Cao, Yongqiang and Choday, Sri Harsha and Dimou, Georgios and Joshi, Prasad and Imam, Nabil and Jain, Shweta and others},
  journal={Ieee Micro},
  volume={38},
  number={1},
  pages={82--99},
  year={2018},
  publisher={IEEE}
}
@article{zhu2020transient,
  title={Transient delay-period activity of agranular insular cortex controls working memory maintenance in learning novel tasks},
  author={Zhu, Jia and Cheng, Qi and Chen, Yulei and Fan, Hongmei and Han, Zhe and Hou, Ruiqing and Chen, Zhaoqin and Li, Chengyu T},
  journal={Neuron},
  volume={105},
  number={5},
  pages={934--946},
  year={2020},
  publisher={Elsevier}
}

@article{morrison2008phenomenological,
  title={Phenomenological models of synaptic plasticity based on spike timing},
  author={Morrison, Abigail and Diesmann, Markus and Gerstner, Wulfram},
  journal={Biological cybernetics},
  volume={98},
  number={6},
  pages={459--478},
  year={2008},
  publisher={Springer}
}


@Inbook{Choe2013,
author="Choe, Yoonsuck",
editor="Jaeger, Dieter
and Jung, Ranu",
title="Hebbian Learning",
bookTitle="Encyclopedia of Computational Neuroscience",
year="2013",
publisher="Springer New York",
address="New York, NY",
pages="1--5",
isbn="978-1-4614-7320-6",
doi="10.1007/978-1-4614-7320-6_672-1",
url="https://doi.org/10.1007/978-1-4614-7320-6_672-1"
}



@article{cao2015spiking,
  title={Spiking deep convolutional neural networks for energy-efficient object recognition},
  author={Cao, Yongqiang and Chen, Yang and Khosla, Deepak},
  journal={International Journal of Computer Vision},
  volume={113},
  number={1},
  pages={54--66},
  year={2015},
  publisher={Springer}
}

@inproceedings{diehl2016conversion,
  title={Conversion of artificial recurrent neural networks to spiking neural networks for low-power neuromorphic hardware},
  author={Diehl, Peter U and Zarrella, Guido and Cassidy, Andrew and Pedroni, Bruno U and Neftci, Emre},
  booktitle={2016 IEEE International Conference on Rebooting Computing (ICRC)},
  pages={1--8},
  year={2016},
  organization={IEEE}
}


@book{kandel2000principles,
  title={Principles of neural science},
  author={Kandel, Eric R and Schwartz, James H and Jessell, Thomas M and Siegelbaum, Steven and Hudspeth, A James and Mack, Sarah and others},
  volume={4},
  year={2000},
  publisher={McGraw-hill New York}
}

@article{thorpe1990spike,
  title={Spike arrival times: A highly efficient coding scheme for neural networks},
  author={Thorpe, Simon J},
  journal={Parallel processing in neural systems},
  pages={91--94},
  year={1990},
  publisher={Elsevier}
}

@incollection{thorpe1998rank,
  title={Rank order coding},
  author={Thorpe, Simon and Gautrais, Jacques},
  booktitle={Computational neuroscience},
  pages={113--118},
  year={1998},
  publisher={Springer}
}

@article{kayser2009spike,
  title={Spike-phase coding boosts and stabilizes information carried by spatial and temporal spike patterns},
  author={Kayser, Christoph and Montemurro, Marcelo A and Logothetis, Nikos K and Panzeri, Stefano},
  journal={Neuron},
  volume={61},
  number={4},
  pages={597--608},
  year={2009},
  publisher={Elsevier}
}

@article{bradke2020neuronal,
  title={Neuronal maturation: Challenges and opportunities in a nascent field},
  author={Bradke, Frank and Di Giovanni, Simone and Fawcett, James},
  journal={Trends in Neurosciences},
  volume={43},
  number={6},
  pages={360--362},
  year={2020},
  publisher={Elsevier}
}

@article{he2018identification,
  title={Identification and characterization of functional modules reflecting transcriptome transition during human neuron maturation},
  author={He, Zhisong and Yu, Qianhui},
  journal={BMC genomics},
  volume={19},
  number={1},
  pages={1--11},
  year={2018},
  publisher={BioMed Central}
}

@inproceedings{kundu2021hire,
  title={Hire-snn: Harnessing the inherent robustness of energy-efficient deep spiking neural networks by training with crafted input noise},
  author={Kundu, Souvik and Pedram, Massoud and Beerel, Peter A},
  booktitle={Proceedings of the IEEE/CVF International Conference on Computer Vision},
  pages={5209--5218},
  year={2021}
}
@article{piatti2011timing,
  title={The timing for neuronal maturation in the adult hippocampus is modulated by local network activity},
  author={Piatti, Ver{\'o}nica C and Davies-Sala, M Georgina and Esp{\'o}sito, M Soledad and Mongiat, Lucas A and Trinchero, Mariela F and Schinder, Alejandro F},
  journal={Journal of Neuroscience},
  volume={31},
  number={21},
  pages={7715--7728},
  year={2011},
  publisher={Soc Neuroscience}
}

@inproceedings{wu2022diver,
  title={Diver: Real-time and accurate neural radiance fields with deterministic integration for volume rendering},
  author={Wu, Liwen and Lee, Jae Yong and Bhattad, Anand and Wang, Yu-Xiong and Forsyth, David},
  booktitle={Proceedings of the IEEE/CVF Conference on Computer Vision and Pattern Recognition},
  pages={16200--16209},
  year={2022}
}
@inproceedings{horowitz20141,
  title={1.1 computing's energy problem (and what we can do about it)},
  author={Horowitz, Mark},
  booktitle={2014 IEEE international solid-state circuits conference digest of technical papers (ISSCC)},
  pages={10--14},
  year={2014},
  organization={IEEE}
}
@inproceedings{kundu2021spike,
  title={Spike-thrift: Towards energy-efficient deep spiking neural networks by limiting spiking activity via attention-guided compression},
  author={Kundu, Souvik and Datta, Gourav and Pedram, Massoud and Beerel, Peter A},
  booktitle={Proceedings of the IEEE/CVF Winter Conference on Applications of Computer Vision},
  pages={3953--3962},
  year={2021}
}
@article{yao2023attention,
  title={Attention spiking neural networks},
  author={Yao, Man and Zhao, Guangshe and Zhang, Hengyu and Hu, Yifan and Deng, Lei and Tian, Yonghong and Xu, Bo and Li, Guoqi},
  journal={IEEE transactions on pattern analysis and machine intelligence},
  year={2023},
  publisher={IEEE}
}

@article{diehl2015unsupervised,
  title={Unsupervised learning of digit recognition using spike-timing-dependent plasticity},
  author={Diehl, Peter U and Cook, Matthew},
  journal={Frontiers in computational neuroscience},
  volume={9},
  pages={99},
  year={2015},
  publisher={Frontiers Media SA}
}

@article{max1995optical,
  title={Optical models for direct volume rendering},
  author={Max, Nelson},
  journal={IEEE Transactions on Visualization and Computer Graphics},
  volume={1},
  number={2},
  pages={99--108},
  year={1995},
  publisher={IEEE}
}



@inproceedings{lee2022parallel,
  title={Parallel time batching: Systolic-array acceleration of sparse spiking neural computation},
  author={Lee, Jeong-Jun and Zhang, Wenrui and Li, Peng},
  booktitle={2022 IEEE International Symposium on High-Performance Computer Architecture (HPCA)},
  pages={317--330},
  year={2022},
  organization={IEEE}
}

@article{li2017cifar10,
  title={Cifar10-dvs: an event-stream dataset for object classification},
  author={Li, Hongmin and Liu, Hanchao and Ji, Xiangyang and Li, Guoqi and Shi, Luping},
  journal={Frontiers in neuroscience},
  volume={11},
  pages={309},
  year={2017},
  publisher={Frontiers Media SA}
}